<?xml version="1.0" encoding="UTF-8"?><collection xmlns="http://www.loc.gov/MARC21/slim"><record><leader>00478nam--2200181-i-4500</leader><controlfield tag="001">000041096</controlfield><controlfield tag="002">20161230</controlfield><controlfield tag="005">20161230201043</controlfield><controlfield tag="008">060222s1000------------r-----000-0-fre-d</controlfield><datafield ind1=" " ind2=" " tag="040"><subfield code="a">IFIN-HH</subfield></datafield><datafield ind1=" " ind2=" " tag="041"><subfield code="a">fre</subfield></datafield><datafield ind1=" " ind2=" " tag="080"><subfield code="a">53.09</subfield></datafield><datafield ind1="1" ind2=" " tag="100"><subfield code="a">Secchi, R.P.Le</subfield></datafield><datafield ind1="1" ind2="0" tag="245"><subfield code="a">L`unite des forces physiques. essai de philosophie naturelle</subfield><subfield code="c">R.p. le secchi</subfield></datafield><datafield ind1=" " ind2=" " tag="260"><subfield code="a">Paris</subfield><subfield code="b">F.Savy, Libraire-editeur</subfield><subfield code="c">1869</subfield></datafield><datafield ind1=" " ind2=" " tag="300"><subfield code="a">699P</subfield></datafield><datafield ind1=" " ind2=" " tag="852"><subfield code="a">76477</subfield><subfield code="c">53</subfield></datafield><datafield ind1=" " ind2=" " tag="CAT"><subfield code="a">Sys</subfield><subfield code="c">20150813</subfield><subfield code="h">131011</subfield></datafield></record></collection>